@software{ActiDoo,
    author = {ActiDoo},
    title = {Gamification Engine},
    url = {https://github.com/ActiDoo/gamification-engine},
    urldate = {2025-10-27},
    keywords = {framework}
}

@software{SieteValles,
    author = {Jorge Alvarez},
    title = {Siete Valles},
    url = {https://github.com/jorgegorka/siete-valles},
    urldate = {2025-10-27},
    keywords = {framework}
}

@software{UserInfuser,
  author   = {Navraj Chohan},
  title    = {UserInfuser},
  url      = {https://github.com/nlake44/UserInfuser},
  urldate  = {2025-10-27},
  keywords = {framework}
}
